@book{ahlfors1979complex,
  title={Complex Analysis: An Introduction to The Theory of Analytic Functions of One Complex Variable},
  author={Ahlfors, L.},
  isbn={9780070006577},
  lccn={78017078},
  url={https://books.google.com/books?id=2MRuus-5GGoC},
  year={1979},
  publisher={McGraw-Hill Education}
}
