@book{lee2009manifolds,
  title={Manifolds and Differential Geometry},
  author={Lee, J.M.},
  isbn={9780821848159},
  lccn={2009012421},
  series={Graduate studies in mathematics},
  url={https://books.google.com/books?id=QqHdHy9WsEoC},
  year={2009},
  publisher={American Mathematical Society}
}
